@online{rhicRunLuminosityA,
        author = {Fischer, Wolfram},
        title = "{Run Overview of the
        Relativistic Heavy Ion Collider }",
        url = {http://www.agsrhichome.bnl.gov/RHIC/Runs/}
}
@misc{RHIC:rhicRunLuminosity,
	author = {Fischer, Wolfram},
	title = {Run Overview of the
	{R}elativistic {H}eavy {I}on {C}ollider},
	howpublished = "\url{http://www.agsrhichome.bnl.gov/RHIC/Runs/}"
}
@article{Bichsel:2006cs,
	author         = "Bichsel, H.",
	title          = "{A method to improve tracking and particle identification
	in TPCs and silicon detectors}",
	journal        = "Nucl. Instrum. Meth.",
	volume         = "A562",
	year           = "2006",
	pages          = "154-197",
	doi            = "10.1016/j.nima.2006.03.009",
	SLACcitation   = "%%CITATION = NUIMA,A562,154;%%"
}
@article{STAR:spectra,
	author         = "Abelev, B. I. and others",
	title          = "{Systematic Measurements of Identified Particle Spectra
	in $p p, d^+$ Au and Au+Au Collisions from STAR}",
	collaboration  = "STAR",
	journal        = "Phys. Rev.",
	volume         = "C79",
	year           = "2009",
	pages          = "034909",
	doi            = "10.1103/PhysRevC.79.034909",
	eprint         = "0808.2041",
	archivePrefix  = "arXiv",
	primaryClass   = "nucl-ex",
	SLACcitation   = "%%CITATION = ARXIV:0808.2041;%%"
}
@article{PYTHIA:SaS,
	author         = "Schuler, Gerhard A. and Sjostrand, Torbjorn",
	title          = "{Hadronic diffractive cross-sections and the rise of the
	total cross-section}",
	journal        = "Phys. Rev.",
	volume         = "D49",
	year           = "1994",
	pages          = "2257-2267",
	doi            = "10.1103/PhysRevD.49.2257",
	reportNumber   = "CERN-TH-6837-93",
	SLACcitation   = "%%CITATION = PHRVA,D49,2257;%%"
}
@article{PYTHIA8:Intro,
	author         = "Sjostrand, Torbjorn and Mrenna, Stephen and Skands, Peter
	Z.",
	title          = "{A Brief Introduction to PYTHIA 8.1}",
	journal        = "Comput. Phys. Commun.",
	volume         = "178",
	year           = "2008",
	pages          = "852-867",
	doi            = "10.1016/j.cpc.2008.01.036",
	eprint         = "0710.3820",
	archivePrefix  = "arXiv",
	primaryClass   = "hep-ph",
	reportNumber   = "CERN-LCGAPP-2007-04, LU-TP-07-28,
	FERMILAB-PUB-07-512-CD-T",
	SLACcitation   = "%%CITATION = ARXIV:0710.3820;%%"
}
@article{Herwig:intro,
	author         = "Gieseke, Stefan and Loshaj, Frashër and Kirchgaeßer,
	Patrick",
	title          = "{Soft and diffractive scattering with the cluster model
	in Herwig}",
	journal        = "Eur. Phys. J.",
	volume         = "C77",
	year           = "2017",
	number         = "3",
	pages          = "156",
	doi            = "10.1140/epjc/s10052-017-4727-7",
	eprint         = "1612.04701",
	archivePrefix  = "arXiv",
	primaryClass   = "hep-ph",
	reportNumber   = "KA-TP-42-2016, MCNET-16-46",
	SLACcitation   = "%%CITATION = ARXIV:1612.04701;%%"
}
@article{EPOS:intro,
	author         = "Werner, K. and Karpenko, Lu. and Bleicher, M. and Pierog,
	T.",
	title          = "{The Physics of EPOS}",
	booktitle      = "{Proceedings, 17th International Symposium on Very High
	Energy Cosmic Ray Interactions (ISVHECRI 2012): Berlin,
	Germany, August 10-15, 2012}",
	journal        = "EPJ Web Conf.",
	volume         = "52",
	year           = "2013",
	pages          = "05001",
	doi            = "10.1051/epjconf/20125205001",
	SLACcitation   = "%%CITATION = 00776,52,05001;%%"
}
@article{MBR:intro,
	author         = "Ciesielski, Robert and Goulianos, Konstantin",
	title          = "{MBR Monte Carlo Simulation in PYTHIA8}",
	booktitle      = "{Proceedings, 36th International Conference on High
	Energy Physics (ICHEP2012): Melbourne, Australia, July
	4-11, 2012}",
	journal        = "PoS",
	volume         = "ICHEP2012",
	year           = "2013",
	pages          = "301",
	doi            = "10.22323/1.174.0301",
	eprint         = "1205.1446",
	archivePrefix  = "arXiv",
	primaryClass   = "hep-ph",
	SLACcitation   = "%%CITATION = ARXIV:1205.1446;%%"
}
@misc{ATLAS:A2,
	title          = "{Further ATLAS tunes of PYTHIA6 and Pythia 8}",
	collaboration  = "ATLAS",
	year           = "2011",
	howpublished   = "ATL-PHYS-PUB-2011-014, ATL-COM-PHYS-2011-1507",
	SLACcitation   = "%%CITATION = ATL-PHYS-PUB-2012-003;%%"
}
@article{STAR:tpc,
	author         = "Anderson, M. and others",
	title          = "{The Star time projection chamber: A Unique tool for
	studying high multiplicity events at RHIC}",
	journal        = "Nucl. Instrum. Meth.",
	volume         = "A499",
	year           = "2003",
	pages          = "659-678",
	doi            = "10.1016/S0168-9002(02)01964-2",
	eprint         = "nucl-ex/0301015",
	archivePrefix  = "arXiv",
	primaryClass   = "nucl-ex",
	SLACcitation   = "%%CITATION = NUCL-EX/0301015;%%"
}
@article{GEANT:three,
      author         = "Brun, R. and Bruyant, F. and Maire, M. and McPherson, A.
      C. and Zanarini, P.",
      title          = "{GEANT3}",
      year           = "1987",
      reportNumber   = "CERN-DD-EE-84-1",
      SLACcitation   = "%%CITATION = CERN-DD-EE-84-1;%%"
}
@article{GEANT:four,
	author         = "Agostinelli, S. and others",
	title          = "{GEANT4: A Simulation toolkit}",
	collaboration  = "GEANT4",
	journal        = "Nucl. Instrum. Meth.",
	volume         = "A506",
	year           = "2003",
	pages          = "250-303",
	doi            = "10.1016/S0168-9002(03)01368-8",
	reportNumber   = "SLAC-PUB-9350, FERMILAB-PUB-03-339",
	SLACcitation   = "%%CITATION = NUIMA,A506,250;%%"
}