@misc{Geant4,
      title = "{G}eant4 website",
      howpublished = "\url{http://geant4.cern.ch}",
}

@misc{HepMC,
      title = "{H}ep{MC} {E}vent {R}ecord website",
      howpublished = "\url{http://lcgapp.cern.ch/project/simu/HepMC/}",
}

@misc{Pythia,
      title = "{P}ythia website",
      howpublished = "\url{http://home.thep.lu.se/~torbjorn/Pythia.html}",
}

@misc{MAD-X,
      title = "{MAD-X} website",
      howpublished = "\url{http://madx.web.cern.ch/madx/}",
}

@misc{RHIC,
      title = "{RHIC} accelerator website",
      howpublished = "\url{http://bnl.gov/rhic/}",
}

@misc{STAR,
      title = "{STAR} experiment website",
      howpublished = "\url{http://www.star.bnl.gov}",
}

@misc{BNL,
      title = "{B}rookhaven {N}ational {L}aboratory website",
      howpublished = "\url{http://www.bnl.gov}",
}

@misc{PHOBOS,
      title = "{PHOBOS} experiment website",
      howpublished = "\url{http://www.phobos.bnl.gov/}",
}

@misc{BRAHMS,
      title = "{BRAHMS} experiment website",
      howpublished = "\url{http://www4.rcf.bnl.gov/brahms/WWW/brahms.html}",
}

@misc{PHENIX,
      title = "{PHENIX} experiment website",
      howpublished = "\url{https://www.phenix.bnl.gov/}",
}

@misc{PP2PP,
      title = "$pp2pp$ experiment website",
      howpublished = "\url{http://www.rhic.bnl.gov/pp2pp/}",
}

@article{PP2PP2,
      author         = "Bultmann, S. and Chen, W. and Chiang, I.H. and Chrien,
                        R.E. and Drees, A. and others",
      title          = "{The PP2PP experiment at RHIC: Silicon detectors
                        installed in Roman Pots for forward proton detection close
                        to the beam}",
      journal        = "Nucl.Instrum.Meth.",
      volume         = "A535",
      pages          = "415-420",
      doi            = "10.1016/j.nima.2004.07.162",
      year           = "2004",
      SLACcitation   = "%%CITATION = NUIMA,A535,415;%%",
}

@article{STAR2,
      author         = "Ackermann, K.H. and others",
      title          = "{STAR detector overview}",
      collaboration  = "STAR",
      journal        = "Nucl.Instrum.Meth.",
      volume         = "A499",
      pages          = "624-632",
      doi            = "10.1016/S0168-9002(02)01960-5",
      year           = "2003",
      SLACcitation   = "%%CITATION = NUIMA,A499,624;%%",
}

@book{barone,
    author    = "V. Barone and E. Predazzi",
    title     = "High-Energy Particle Diffraction",
    publisher = "Springer",
    year      = "2002",
}

@book{pomeronAndQCD,
    author    = "A. Donnachie and H.G. Dosch and P.V. Landshoffm and O. Nachtmann",
    title     = "Pomeron Physics and QCD",
    publisher = "Cambridge University Press",
    address   = "New York",
    year      = "2002",
}

@article{A_N,
      author         = "Adamczyk, L. and others",
      title          = "{Single Spin Asymmetry $A_N$ in Polarized Proton-Proton
                        Elastic Scattering at $\sqrt{s}=200$ GeV}",
      collaboration  = "STAR",
      journal        = "Phys.Lett.",
      volume         = "B719",
      pages          = "62-69",
      doi            = "10.1016/j.physletb.2013.01.014",
      year           = "2013",
      eprint         = "1206.1928",
      archivePrefix  = "arXiv",
      primaryClass   = "nucl-ex",
      SLACcitation   = "%%CITATION = ARXIV:1206.1928;%%",
}

@mastersthesis{Obrebski,
    author    = "T. Obrebski",
    title     = "Measurement of the nuclear slope parameter in {STAR} experiment at {RHIC}",
    school    = "Warsaw University of Technology",
    type      = "{Master Thesis}",
    year      = "2013",
}

@mastersthesis{Sikora,
    author    = "R. Sikora",
    title     = "Elastic proton-proton scattering in the {STAR} experiment at {RHIC}",
    school    = "AGH University of Science and Technology",
    type      = "{Bachelor Thesis}",
    year      = "2013",
}

@mastersthesis{Fulek,
    author    = "L. Fulek",
    title     = "Transport of particles through the {RHIC} accelerator magnet system",
    school    = "AGH University of Science and Technology",
    type      = "{Bachelor Thesis}",
    year      = "2013",
    note      = "Polish edition",
}

@misc{A_N_note,
    author    = "K. Yip and J.H. Lee",
    title     = "{A}nalysis {N}ote for the {S}ingle {T}ransverse-{S}pin {A}symmetries (${A}_{N}$) in elastic p+p collisions at $\sqrt{s}=200~\text{GeV}$",
    howpublished = "Unpublished",
    year     = "2012",
    month    = "February",
}

@misc{Donika,
    author    = "D. Plyku",
    title     = "{T}echnical {N}ote on {S}urvey {A}lignment of the {S}ilicon {S}trip {D}etectors used in the {R}oman {P}ots at {STAR} during {RHIC} 2009 {R}un",
    howpublished = "Unpublished",
    year     = "2012",
    month    = "February",
}

@misc{LocalAlignment,
    author    = "I. Alekseev and L. Koroleva and B. Morozov and D. Svirida",
    title     = "{R}oman pots alignment at run 2009",
    howpublished = "Unpublished",
    year     = "2011",
    month    = "July",
}

@misc{GlobalAlignment,
    author    = "W. Guryn",
    title     = "{C}orrection to the {L}ocal {A}lignment",
    howpublished = "Unpublished",
    year     = "2011",
}

@manual{Hamamatsu,
  title        = "{H}amamatsu {R}647 {T}echnical {D}ata {S}heet",
  organization = "{H}amamatsu {P}hotonics {K}.{K}.",
  address      = "1126 {I}chino-cho, {H}amamatsu {C}ity, {J}apan",
}

@manual{Bicron,
  title        = "{BC}-400/{BC}-404/{BC}-408/{BC}-412/{BC}-416 {P}remium {P}lastic {S}cintillators",
  organization = "{S}aint-{G}obain {I}ndustrial {C}eramics",
  address      = "12345 {K}insman {R}oad, {N}ewbury, {O}hio 44065, {USA}",
}

@misc{normalizationNote,
    author    = "J. Dunlop and J. Gans and C. Gagliardi and P. Jacobs and J. Klay",
    title     = "p+p normalization and the systematic uncertainty of $\text{R}_{AA}(p_{\text{T}})$",
    howpublished = "Unpublished",
    year     = "2003",
    month    = "April",
}

@misc{slewingPresentation,
    author    = "R. Sikora",
    title     = "Time-of-fight corrections on pp2pp 2009 data - UPDATE",
    howpublished = "Unpublished",
    year     = "2013",
    month    = "May",
    note     = "Presentation at working group meeting"
}

@article{WCM,
      author         = "Cameron, P.R. and Lee, R.C. and Shea, T.J. and van
                        Zeijts, J. and Barsotti, E. and others",
      title          = "{The RHIC wall current monitor system}",
      pages          = "2146-2148",
      year           = "1999",
      journal        = "Proceedings of the Particle Accelerator Conference",
      SLACcitation   = "%%CITATION = INSPIRE-517261;%%",
}

@article{Tyvek,
      author         = "Nozka, Libor and Pech, Miroslav and Hiklova, Helena and
                        Mandat, Dusan and Hrabovsky, Miroslav and others",
      title          = "{BRDF profile of Tyvek and its implementation in the
                        Geant4 simulation toolkit}",
      journal        = "Opt.Express",
      volume         = "19",
      pages          = "4199-4209",
      doi            = "10.1364/OE.19.004199",
      year           = "2011",
      SLACcitation   = "%%CITATION = OPEXF,19,4199;%%",
}

@article{BBC,
      author         = "Whitten, C.A.",
      title          = "{The beam-beam counter: A local polarimeter at STAR}",
      collaboration  = "STAR",
      journal        = "AIP Conf.Proc.",
      volume         = "980",
      pages          = "390-396",
      doi            = "10.1063/1.2888113",
      year           = "2008",
      SLACcitation   = "%%CITATION = APCPC,980,390;%%",
}

@article{BeamOptics,
      author         = "Pile, P.H. and Tepikian, S. and Yip, K. and Guryn, W. and
                        Lee, J.H.",
      title          = "{Beam Optics and the pp2pp Setup of the STAR Experiment
                        at RHIC}",
      journal        = "Conf.Proc.",
      volume         = "C1205201",
      pages          = "1311-1313",
      year           = "2012",
      reportNumber   = "IPAC-2012-TUPPC060",
      SLACcitation   = "%%CITATION = CONFP,C1205201,1311;%%",
}


@article{BvsS,
      author         = "Okorokov, V.A.",
      title          = "{Diffraction slopes for elastic proton-proton and
                        proton-antiproton scattering}",
      year           = "2008",
      eprint         = "0811.0895",
      archivePrefix  = "arXiv",
      primaryClass   = "hep-ph",
      SLACcitation   = "%%CITATION = ARXIV:0811.0895;%%",
}

@article{TotalCS,
      author         = "Donnachie, A. and Landshoff, P.V.",
      title          = "{Total cross-sections}",
      journal        = "Phys.Lett.",
      volume         = "B296",
      pages          = "227-232",
      doi            = "10.1016/0370-2693(92)90832-O",
      year           = "1992",
      eprint         = "hep-ph/9209205",
      archivePrefix  = "arXiv",
      primaryClass   = "hep-ph",
      reportNumber   = "CERN-TH-6635-92",
      SLACcitation   = "%%CITATION = HEP-PH/9209205;%%",
}

@article{rho,
      author         = "Augier, C. and others",
      title          = "{Predictions on the total cross-section and real part at
                        LHC and SSC}",
      collaboration  = "UA4/2",
      journal        = "Phys.Lett.",
      volume         = "B315",
      pages          = "503-506",
      doi            = "10.1016/0370-2693(93)91647-6",
      year           = "1993",
      reportNumber   = "CERN-PPE-93-121",
      SLACcitation   = "%%CITATION = PHLTA,B315,503;%%",
}

@article{elasticSlopeRHIC,
      author         = "Bueltmann, Stephen L. and Chiang, I.H. and Chrien, R.E.
                        and Drees, A. and Gill, R.L. and others",
      title          = "{First measurement of proton proton elastic scattering at
                        RHIC}",
      journal        = "Phys.Lett.",
      volume         = "B579",
      pages          = "245-250",
      doi            = "10.1016/j.physletb.2003.11.023",
      year           = "2004",
      eprint         = "nucl-ex/0305012",
      archivePrefix  = "arXiv",
      primaryClass   = "nucl-ex",
      SLACcitation   = "%%CITATION = NUCL-EX/0305012;%%",
}
@book{donnachie_dosch_landshoff_nachtmann_2002, place={Cambridge}, series={Cambridge Monographs on Particle Physics, Nuclear Physics and Cosmology}, title={Pomeron Physics and QCD}, DOI={10.1017/CBO9780511534935}, publisher={Cambridge University Press}, author={Donnachie, Sandy and Dosch, Günter and Landshoff, Peter and Nachtmann, Otto}, year={2002}, collection={Cambridge Monographs on Particle Physics, Nuclear Physics and Cosmology}}
@article{systmeasurhic,
	title = {Systematic measurements of identified particle spectra in pp, d+Au, and Au+Au collisions at the star detector.},
	author = {Abelev, B and Aggarwal, Mayank and Ahammed, Z and Anderson, Bradley and Arkhipkin, D and Krueger, Keith and Spinka, Harold and Underwood, David},
	journal = {Physical Review C: Nuclear Physics},
	year = {2009},
	volume = {79},
	number = {},
	pages = { - , },
	month = {},
	note = {10.1103/PhysRevC.79.034909}
}
@article{Adam:2015qaa,
	author         = "Adam, Jaroslav and others",
	title          = "{Measurement of pion, kaon and proton production in
	proton–proton collisions at $\sqrt{s} = 7$ TeV}",
	collaboration  = "ALICE",
	journal        = "Eur. Phys. J.",
	volume         = "C75",
	year           = "2015",
	number         = "5",
	pages          = "226",
	doi            = "10.1140/epjc/s10052-015-3422-9",
	eprint         = "1504.00024",
	archivePrefix  = "arXiv",
	primaryClass   = "nucl-ex",
	reportNumber   = "CERN-PH-EP-2015-068",
	SLACcitation   = "%%CITATION = ARXIV:1504.00024;%%"
}
@article{Kopeliovich:1988qm,
	author         = "Kopeliovich, B. Z. and Zakharov, B. G.",
	title          = "{Novel Mechanisms of Baryon Number Flow Over Large
	Rapidity Gap}",
	journal        = "Z. Phys.",
	volume         = "C43",
	year           = "1989",
	pages          = "241",
	doi            = "10.1007/BF01588211",
	reportNumber   = "JINR-E2-88-493",
	SLACcitation   = "%%CITATION = ZEPYA,C43,241;%%"
}
@article{Rossi:1977cy,
	author         = "Rossi, G. C. and Veneziano, G.",
	title          = "{A Possible Description of Baryon Dynamics in Dual and
	Gauge Theories}",
	journal        = "Nucl. Phys.",
	volume         = "B123",
	year           = "1977",
	pages          = "507-545",
	doi            = "10.1016/0550-3213(77)90178-X",
	reportNumber   = "CERN-TH-2287",
	SLACcitation   = "%%CITATION = NUPHA,B123,507;%%"
}
@article{Bopp:2000cr,
	author         = "Bopp, Fritz W.",
	title          = "{Central baryons in dual models and the possibility of a
	backward peak in diffraction}",
	year           = "2000",
	eprint         = "hep-ph/0002190",
	archivePrefix  = "arXiv",
	primaryClass   = "hep-ph",
	reportNumber   = "SI-00-1",
	SLACcitation   = "%%CITATION = HEP-PH/0002190;%%"
}
@article{Aamodt:2010dx,
	author         = "Aamodt, K. and others",
	title          = "{Midrapidity antiproton-to-proton ratio in pp collisions
	at $\sqrt{s} = 0.9$ and $7$~TeV measured by the ALICE
	experiment}",
	collaboration  = "ALICE",
	journal        = "Phys. Rev. Lett.",
	volume         = "105",
	year           = "2010",
	pages          = "072002",
	doi            = "10.1103/PhysRevLett.105.072002",
	eprint         = "1006.5432",
	archivePrefix  = "arXiv",
	primaryClass   = "hep-ex",
	SLACcitation   = "%%CITATION = ARXIV:1006.5432;%%"
}
@article{Kopeliovich:1998ps,
	author         = "Kopeliovich, Boris and Povh, Bogdan",
	title          = "{Baryon stopping at HERA: Evidence for gluonic
	mechanism}",
	journal        = "Phys. Lett.",
	volume         = "B446",
	year           = "1999",
	pages          = "321-325",
	doi            = "10.1016/S0370-2693(98)01546-9",
	eprint         = "hep-ph/9810530",
	archivePrefix  = "arXiv",
	primaryClass   = "hep-ph",
	SLACcitation   = "%%CITATION = HEP-PH/9810530;%%"
}
@article{Ackermann:2002ad,
	author         = "Ackermann, K. H. and others",
	title          = "{STAR detector overview}",
	collaboration  = "STAR",
	journal        = "Nucl. Instrum. Meth.",
	volume         = "A499",
	year           = "2003",
	pages          = "624-632",
	doi            = "10.1016/S0168-9002(02)01960-5",
	SLACcitation   = "%%CITATION = NUIMA,A499,624;%%"
}
@article{Llope:2009zz,
	author         = "Llope, W. J.",
	title          = "{The large-area time-of-flight (TOF) upgrade for the STAR
	detector}",
	collaboration  = "STAR",
	journal        = "AIP Conf. Proc.",
	volume         = "1099",
	year           = "2009",
	pages          = "778-781",
	doi            = "10.1063/1.3120153",
	SLACcitation   = "%%CITATION = APCPC,1099,778;%%"
}
@article{Kiryluk:2003aw,
	author         = "Kiryluk, J.",
	title          = "{Relative luminosity measurement in STAR and implications
	for spin asymmetry determinations}",
	booktitle      = "{Spin physics. Proceedings, 15th International Symposium,
	Spin 2002, Upton, USA, September 9-14, 2002. Proceedings,
	Workshop, Polarized electron sources and polarimeters,
	Danvers, USA, September 4-6, 2002}",
	collaboration  = "STAR",
	journal        = "AIP Conf. Proc.",
	volume         = "675",
	year           = "2003",
	pages          = "424-428",
	doi            = "10.1063/1.1607171",
	note           = "[,424(2003)]",
	SLACcitation   = "%%CITATION = APCPC,675,424;%%"
}
@article{Adler:2000bd,
	author         = "Adler, Clemens and Denisov, Alexei and Garcia, Edmundo
	and Murray, Michael J. and Strobele, Herbert and White,
	Sebastian N.",
	title          = "{The RHIC zero degree calorimeter}",
	journal        = "Nucl. Instrum. Meth.",
	volume         = "A470",
	year           = "2001",
	pages          = "488-499",
	doi            = "10.1016/S0168-9002(01)00627-1",
	eprint         = "nucl-ex/0008005",
	archivePrefix  = "arXiv",
	primaryClass   = "nucl-ex",
	SLACcitation   = "%%CITATION = NUCL-EX/0008005;%%"
}
@electronic{runlog,
	url = {https://online.star.bnl.gov/rp/pp200/}
}
@electronic{runlog1,
	url = {https://online.star.bnl.gov/RunLogRun15/}
}
@electronic{rvrtxmtg,
	url = {https://drupal.star.bnl.gov/STAR/event/2017/09/27/software-and-computing-meeting/revertexing-2015-rp-stream}	
}
@electronic{picoDst,
	url = {https://drupal.star.bnl.gov/STAR/system/files/talk_42.pdf}	
}
@electronic{pythia8,
	title          = "{PYTHIA 8 manual}",
	url = {http://home.thep.lu.se/~torbjorn/pythia81html/Welcome.html}
	
}
@article{DAGOSTINI1995487,
	title = "A multidimensional unfolding method based on Bayes' theorem",
	journal = "Nuclear Instruments and Methods in Physics Research Section A: Accelerators, Spectrometers, Detectors and Associated Equipment",
	volume = "362",
	number = "2",
	pages = "487 - 498",
	year = "1995",
	issn = "0168-9002",
	doi = "https://doi.org/10.1016/0168-9002(95)00274-X",
	url = "http://www.sciencedirect.com/science/article/pii/016890029500274X",
	author = "G. D'Agostini"
}
@article{Bichsel:2006cs,
      author         = "Bichsel, H.",
      title          = "{A method to improve tracking and particle identification
                        in TPCs and silicon detectors}",
      journal        = "Nucl. Instrum. Meth.",
      volume         = "A562",
      year           = "2006",
      pages          = "154-197",
      doi            = "10.1016/j.nima.2006.03.009",
      SLACcitation   = "%%CITATION = NUIMA,A562,154;%%"
}